% ------------------------------------------------------------------------
% BIBLIOGRAFIA
% ------------------------------------------------------------------------

@online{www1,
  TITLE =        {Strona internetowa firmy SELS},
  URL =    		 {http://www.sels.com.pl/index.php?cPath=1},
  URLDATE =		 {2012-10-29}
}

@online{ActiveDirectory,
  TITLE =        {Active Directory},
  URL =          {https://pl.wikipedia.org/wiki/Active_Directory},
  URLDATE =      {2025-01-10}
}
@online{dns,
  TITLE =        {Domain Name System},
  URL =          {https://pl.wikipedia.org/wiki/Domain_Name_System},
  URLDATE =      {2025-01-10}
}

@online{dhcp,
  TITLE =        {Dynamic Host Configuration Protocol},
  URL =          {https://pl.wikipedia.org/wiki/Dynamic_Host_Configuration_Protocol},
  URLDATE =      {2025-01-10}
}

@online{gpo,
  TITLE =        {Manage Group Policy in Azure AD Domain Services},
  URL =          {https://learn.microsoft.com/pl-pl/entra/identity/domain-services/manage-group-policy},
  URLDATE =      {2025-01-10}
}

@online{wds,
  TITLE =        {Overview of Windows Deployment Services},
  URL =          {https://learn.microsoft.com/en-us/previous-versions/windows/it-pro/windows-server-2012-r2-and-2012/jj648426(v=ws.11)},
  URLDATE =      {2025-01-10}
}

@online{raid,
  TITLE =        {RAID - RAID 1 (lustrzany)},
  URL =          {https://pl.wikipedia.org/wiki/RAID#RAID_1_(lustrzany)},
  URLDATE =      {2025-01-10}
}

@online{iscsi,
  TITLE =        {iSCSI},
  URL =          {https://pl.wikipedia.org/wiki/ISCSI},
  URLDATE =      {2025-01-10}
}

@online{print_server,
  TITLE =        {Install and Configure File and Print Server},
  URL =          {https://learn.microsoft.com/pl-pl/troubleshoot/windows-server/printing/install-configure-file-print-server},
  URLDATE =      {2025-01-10}
}

@online{iis,
  TITLE =        {Internet Information Services (IIS)},
  URL =          {https://learn.microsoft.com/pl-pl/iis/},
  URLDATE =      {2025-01-10}
}

@online{failover_clustering,
  TITLE =        {Failover Clustering Overview},
  URL =          {https://learn.microsoft.com/pl-pl/windows-server/failover-clustering/failover-clustering-overview},
  URLDATE =      {2025-01-10}
}

@online{file_server,
  TITLE =        {File Server},
  URL =          {https://en.wikipedia.org/wiki/File_server},
  URLDATE =      {2025-01-10}
}

@online{powershell,
  TITLE = {Omówienie środowiska PowerShell},
  URL = {https://learn.microsoft.com/pl-pl/powershell/scripting/overview?view=powershell-7.4},
  URLDATE = {2025-01-10}
}